@online{Stackoverflow,

	author = {Jeff Atwood, Joël Spolsky},
	title = {Sans Titre},
	year = {2015},
	url = {http://stackoverflow.com},
	version = {2015.5.28.2614},
	note = {Le site où j'ai énormément appris lorsque je bloquais sur certains aspects techniques et spécificités des 
	langages utilisés pour l'application.},
	organization = {Stack Exchange, Inc.},
}

@online{DefinitionUSP,

	author = {Bertrand Bathelot},
	title = {Définition USP},
	year = {2015},
	url = {http://www.definitions-marketing.com/Definition-U-S-P},
	urldate = {2015-05-15},
	language = {Français}
}
@online{OpenclassroomASPNETMVC,

	author = {Nicolas Hilaire},
	title = {Apprendre ASP.NET MVC},
	year = {2015},
	url = {http://openclassrooms.com/courses/apprendre-asp-net-mvc},
	note = {La formation qui m'a permis d'apprendre les bases de la technologie ASP .NET MVC5},
	language = {Français}
}
@book{BookASPNETMVC5,

	author = {Adam Freeman},
	title = {Pro ASP.NET MVC 5},
	year = {2013},
	language = {English},
	series = {Expert's Voice in ASP.Net},
	publisher = {Apress; 5 edition (December 20, 2013)},
	isbn = {860-1404356568},
	pagetotal = {832}
}
@online{MSDN,

	author = {Microsoft},
	title = {ASP.NET MVC 5},
	year = {unknow},
	url = {https://msdn.microsoft.com/en-us/library/dn448362%28v=vs.118%29.aspx},
	note = {Documentation officielle de l'ASP .NET MVC5. Je me suis souvent renseigné sur ce site lorsque je cherchais les méthodes/membres/constructeurs d'une classe particulière.},
	language = {English}
}
@online{jquery,

	author = {Michel Martin},
	title = {Simplifiez vos développements JavaScript avec jQuery},
	url = {http://openclassrooms.com/courses/simplifiez-vos-developpements-javascript-avec-jquery},
	language = {Français},
	organization = {Openclassroom},
	date = {2015-05-04},
	note = {C'est sur ce site où j'ai pu apprendre et perfectionner mes compétences en jQuery. StackOverflow m'a 
	beaucoup aidé aussi.},
	urldate = {2015-05-28}
}

@online{web,

	author = {Refsnes Data},
	title = {Simplifiez vos développements JavaScript avec jQuery},
	url = {http://www.w3schools.com/},
	language = {English},
	organization = {Refsnes Data},
	note = {C'est sur ce site où j'ai pu perfectionner mes compétences en HTML, CSS et SQL. StackOverflow m'a 
	beaucoup aidé aussi.},
	urldate = {2015-05-28}
}

